@INPROCEEDINGS{Ester96adensity-based,
    author = {Martin Ester and Hans-peter Kriegel and JÃ¶rg S and Xiaowei Xu},
    title = {A density-based algorithm for discovering clusters in large spatial databases with noise},
    booktitle = {},
    year = {1996},
    pages = {226--231},
    publisher = {AAAI Press}
}

@article{scikit-learn,
 title={Scikit-learn: Machine Learning in {P}ython},
 author={Pedregosa, F. and Varoquaux, G. and Gramfort, A. and Michel, V.
         and Thirion, B. and Grisel, O. and Blondel, M. and Prettenhofer, P.
         and Weiss, R. and Dubourg, V. and Vanderplas, J. and Passos, A. and
         Cournapeau, D. and Brucher, M. and Perrot, M. and Duchesnay, E.},
 journal={Journal of Machine Learning Research},
 volume={12},
 pages={2825--2830},
 year={2011}
}

@article{lda,
 author = {Blei, David M. and Ng, Andrew Y. and Jordan, Michael I.},
 title = {Latent Dirichlet Allocation},
 journal = {J. Mach. Learn. Res.},
 issue_date = {3/1/2003},
 volume = {3},
 month = mar,
 year = {2003},
 issn = {1532-4435},
 pages = {993--1022},
 numpages = {30},
 url = {http://dl.acm.org/citation.cfm?id=944919.944937},
 acmid = {944937},
 publisher = {JMLR.org},
} 

@inproceedings{btm,
 author = {Yan, Xiaohui and Guo, Jiafeng and Lan, Yanyan and Cheng, Xueqi},
 title = {A Biterm Topic Model for Short Texts},
 booktitle = {Proceedings of the 22Nd International Conference on World Wide Web},
 series = {WWW '13},
 year = {2013},
 isbn = {978-1-4503-2035-1},
 location = {Rio de Janeiro, Brazil},
 pages = {1445--1456},
 numpages = {12},
 url = {http://dl.acm.org/citation.cfm?id=2488388.2488514},
 acmid = {2488514},
 publisher = {International World Wide Web Conferences Steering Committee},
 address = {Republic and Canton of Geneva, Switzerland},
 keywords = {biterm, content analysis, short text, topic model},
}

@ARTICLE{blondel2008fast,
  title={Fast unfolding of communities in large networks},
  author={Blondel, Vincent D and Guillaume, Jean-Loup and Lambiotte, Renaud and Lefebvre, Etienne},
  journal={Journal of Statistical Mechanics: Theory and Experiment},
  volume={2008},
  number={10},
  pages={P10008},
  year={2008},
  publisher={IOP Publishing}
}

@ARTICLE{berube2006time,
  title={Time-dependent shortest paths through a fixed sequence of nodes: application to a travel planning problem},
  author={B{\'e}rub{\'e}, Jean-Fran{\c{c}}ois and Potvin, Jean-Yves and Vaucher, Jean},
  journal={Computers and Operations Research},
  volume={33},
  number={6},
  pages={1838--1856},
  year={2006},
  publisher={Elsevier Science}
}

@article{Zheng:2011:LTR:1889681.1889683,
 author = {Zheng, Yu and Xie, Xing},
 title = {Learning Travel Recommendations from User-generated GPS Traces},
 journal = {ACM Trans. Intell. Syst. Technol.},
 issue_date = {January 2011},
 volume = {2},
 number = {1},
 month = jan,
 year = {2011},
 issn = {2157-6904},
 pages = {2:1--2:29},
 articleno = {2},
 numpages = {29},
 url = {http://doi.acm.org/10.1145/1889681.1889683},
 doi = {10.1145/1889681.1889683},
 acmid = {1889683},
 publisher = {ACM},
 address = {New York, NY, USA},
 keywords = {GPS trace, GeoLife, Location recommendation, collaborative filtering, location history},
}

@inproceedings{Yu:2014:PDJ:2678534.2678823,
 author = {Yu, Shuangyu and Yu, Yaxin and Li, Yulong and Liu, Xin},
 title = {PopTour: Discovering Journey Group T-Patterns from Instagram Trajectories to Recommend Hot Travel Routes},
 booktitle = {Proceedings of the 2014 IEEE 15th International Conference on Mobile Data Management - Volume 01},
 series = {MDM '14},
 year = {2014},
 isbn = {978-1-4799-5705-7},
 pages = {368--370},
 numpages = {3},
 url = {http://dx.doi.org/10.1109/MDM.2014.56},
 doi = {10.1109/MDM.2014.56},
 acmid = {2678823},
 publisher = {IEEE Computer Society},
 address = {Washington, DC, USA},
 keywords = {Instagram Social Network, UGC-based Trajectory Data, T-Patterns Mining, Journey Group, Hot Travel Routes},
} 


@INPROCEEDINGS{Hofmann99probabilisticlatent,
    author = {Thomas Hofmann},
    title = {Probabilistic Latent Semantic Analysis},
    booktitle = {In Proc. of Uncertainty in Artificial Intelligence, UAI'99},
    year = {1999},
    pages = {289--296}
}

@MISC{louvin-repository,
  title = {Louvin Community Detection Repository},
  url = {https://bitbucket.org/taynaud/python-louvain},
  timestamp = {2014.12.19}
}

@MISC{btm-website,
  title = {Google Code website of BTM},
  url = {https://code.google.com/p/btm/},
  timestamp = {2014.12.15}
}

@MISC{instagram_api,
  title = {Instagram API},
  url = {http://instagram.com/developer/realtime/},
  timestamp = {2014.12.10}
}

@MISC{pubsubhubbub,
  title = {The PubSubHubbub Protocol},
  url = {https://en.wikipedia.org/wiki/PubSubHubbub},
  timestamp = {2014.12.10}
}